@misc{Kasaei2020,
  author = "Kasaei, S. Hamidreza and Melsen, Jorik and van Beers, Floris and Steenkist, Christiaan and Voncina, Klemen",
  title = "The state of lifelong learning in Service Robots",
  year = "2020"
} 
 
@misc{Wisspeintner2018,
  author = "Wisspeintner, Thomas and Van Der Zan, Tijn and Iocchi, Luca and Schiffer, Stefan",
  title = "RoboCup@Home: Results in Benchmarking Domestic Service Robots",
  year = "2018"
} 

@Inbook{Rosenbaum2006,
author="Rosenbaum, David A.
and Cohen, Rajal G.
and Meulenbroek, Ruud G. J.
and Vaughan, Jonathan",
editor="Latash, Mark L.
and Lestienne, Francis",
title="Plans for Grasping Objects",
bookTitle="Motor Control and Learning",
year="2006",
publisher="Springer US",
address="Boston, MA",
pages="9--25",
isbn="978-0-387-28287-9",
doi="10.1007/0-387-28287-4_2",
url="https://doi.org/10.1007/0-387-28287-4_2"
}

@article{SAVAGE201977,
title = {Semantic reasoning in service robots using expert systems},
journal = {Robotics and Autonomous Systems},
volume = {114},
pages = {77-92},
year = {2019},
issn = {0921-8890},
doi = {https://doi.org/10.1016/j.robot.2019.01.007},
url = {https://www.sciencedirect.com/science/article/pii/S0921889018302501},
author = {Jesus Savage and David A. Rosenblueth and Mauricio Matamoros and Marco Negrete and Luis Contreras and Julio Cruz and Reynaldo Martell and Hugo Estrada and Hiroyuki Okada},
keywords = {Service robots, Semantic reasoning, Knowledge representation}
}

@article{hornung_octomap_2013,
	title = {{OctoMap}: an efficient probabilistic {3D} mapping framework based on octrees},
	volume = {34},
	issn = {0929-5593, 1573-7527},
	shorttitle = {{OctoMap}},
	url = {http://link.springer.com/10.1007/s10514-012-9321-0},
	doi = {10.1007/s10514-012-9321-0},
	language = {en},
	number = {3},
	urldate = {2022-06-09},
	journal = {Autonomous Robots},
	author = {Hornung, Armin and Wurm, Kai M. and Bennewitz, Maren and Stachniss, Cyrill and Burgard, Wolfram},
	month = apr,
	year = {2013},
	pages = {189--206},
}

@book{giarratano_expert_2006,
	address = {Boston, Mass},
	edition = {4. ed., [repr.]},
	title = {Expert systems: principles and programming},
	isbn = {978-0-534-38447-0},
	shorttitle = {Expert systems},
	language = {eng},
	publisher = {Thomson Course Technology},
	author = {Giarratano, Joseph C. and Riley, Gary},
	year = {2006},
}


@misc{robocup__mathworks_robocup_2022,
	title = {{RoboCup} {ARM} {Challenge}},
	url = {https://arm.robocup.org/home},
	language = {Inglés},
	journal = {RoboCup Autonomous Robot Manipulation Challenge},
	author = {{RoboCup \& Mathworks}},
	month = mar,
	year = {2022},
}


@article{sun_research_2022,
	title = {Research {Challenges} and {Progress} in {Robotic} {Grasping} and {Manipulation} {Competitions}},
	volume = {7},
	issn = {2377-3766, 2377-3774},
	url = {https://ieeexplore.ieee.org/document/9619964/},
	doi = {10.1109/LRA.2021.3129134},
	number = {2},
	urldate = {2022-06-28},
	journal = {IEEE Robot. Autom. Lett.},
	author = {Sun, Yu and Falco, Joe and A. Roa, Maximo and Calli, Berk},
	month = apr,
	year = {2022},
	pages = {874--881},
	file = {Versión enviada:/home/robocup/Zotero/storage/NGFX55LY/Sun et al. - 2022 - Research Challenges and Progress in Robotic Graspi.pdf:application/pdf},
}


@article{roveda_robot_2022,
	title = {Robot {End}-{Effector} {Mounted} {Camera} {Pose} {Optimization} in {Object} {Detection}-{Based} {Tasks}},
	volume = {104},
	issn = {0921-0296, 1573-0409},
	url = {https://link.springer.com/10.1007/s10846-021-01558-0},
	doi = {10.1007/s10846-021-01558-0},
	language = {en},
	number = {1},
	urldate = {2022-01-25},
	journal = {Journal of Intelligent \& Robotic Systems},
	author = {Roveda, Loris and Maroni, Marco and Mazzuchelli, Lorenzo and Praolini, Loris and Shahid, Asad Ali and Bucca, Giuseppe and Piga, Dario},
	month = jan,
	year = {2022},
	pages = {16},
	file = {Roveda et al. - 2022 - Robot End-Effector Mounted Camera Pose Optimizatio.pdf:/home/anie/Zotero/storage/RC5VG926/Roveda et al. - 2022 - Robot End-Effector Mounted Camera Pose Optimizatio.pdf:application/pdf},
}



@book{basco_industria_2018,
	title = {Industria 4.0: {Fabricando} el {Futuro}},
	shorttitle = {Industria 4.0},
	abstract = {La economía global transita una nueva fase que se caracteriza por la digitalización y la conectividad. “INDUSTRIA 4.0. Fabricando el Futuro” explora los impactos de la denominada Cuarta Revolución Industrial sobre la producción manufacturera, el trabajo, las cadenas globales de valor y el comercio. La publicación reúne las voces de diversos especialistas que analizan los desafíos y oportunidades para la industria que conllevan tecnologías como Internet de las cosas, computación en nube, big data, inteligencia artificial e impresión 3D, entre otras. Asimismo, presenta los estudios de caso realizados sobre la experiencia de dos firmas argentinas que dan cuenta de los alcances de la trasformación digital: Tenaris, dedicada a la producción de tubos para la industria de petróleo y gas; y Sinteplast, dedicada a la fabricación de pinturas. “INDUSTRIA 4.0. Fabricando el Futuro” recorre estas experiencias, así como los aportes de la industria automotriz y de políticas públicas de fomento a la industria, como el caso alemán de “Industrie 4.0” y el “Mapa de ruta de la Industria 4.0” de México. De este modo, se propone ofrecer un marco para la comprensión de un fenómeno complejo cuyas consecuencias apenas se comienzan a vislumbrar.},
	language = {es},
	publisher = {Inter-American Development Bank},
	author = {Basco, Ana Inés and Beliz, Gustavo and Coatz, Diego and Garnero, Paula},
	month = jul,
	year = {2018},
	note = {Google-Books-ID: geiGDwAAQBAJ},
	keywords = {Business \& Economics / Industries / Manufacturing, Technology \& Engineering / Industrial Technology, Technology \& Engineering / Technical \& Manufacturing Industries \& Trades},
}


@misc{ifr_international_nodate,
	title = {International {Federation} of {Robotics}},
	url = {https://ifr.org/service-robots},
	abstract = {The International Federation of Robotics is a professional non-profit organization to promote, strengthen and protect the robotics industry worldwide.},
	language = {en},
	urldate = {2022-08-12},
	journal = {IFR International Federation of Robotics},
	author = {IFR},
	file = {Snapshot:/home/robocup/Zotero/storage/XB4D56B4/service-robots.html:text/html},
}
