@article{roveda_robot_2022,
	title = {Robot {End}-{Effector} {Mounted} {Camera} {Pose} {Optimization} in {Object} {Detection}-{Based} {Tasks}},
	volume = {104},
	issn = {0921-0296, 1573-0409},
	url = {https://link.springer.com/10.1007/s10846-021-01558-0},
	doi = {10.1007/s10846-021-01558-0},
	language = {en},
	number = {1},
	urldate = {2022-01-25},
	journal = {Journal of Intelligent \& Robotic Systems},
	author = {Roveda, Loris and Maroni, Marco and Mazzuchelli, Lorenzo and Praolini, Loris and Shahid, Asad Ali and Bucca, Giuseppe and Piga, Dario},
	month = jan,
	year = {2022},
	pages = {16},
	file = {Roveda et al. - 2022 - Robot End-Effector Mounted Camera Pose Optimizatio.pdf:/home/anie/Zotero/storage/RC5VG926/Roveda et al. - 2022 - Robot End-Effector Mounted Camera Pose Optimizatio.pdf:application/pdf},
}


@article{doi:10.1146/annurev.cs.03.060188.000323,
author = {Buchanan, Bruce G. and Smith, Reid G.},
title = {Fundamentals of Expert Systems},
journal = {Annual Review of Computer Science},
volume = {3},
number = {1},
pages = {23-58},
year = {1988},
doi = {10.1146/annurev.cs.03.060188.000323},

URL = { 
        https://doi.org/10.1146/annurev.cs.03.060188.000323
    
},
eprint = { 
        https://doi.org/10.1146/annurev.cs.03.060188.000323
    
}

}


@book{gupta_artificial_2020,
	title = {Artificial {Intelligence} and {Expert} {Systems}},
	isbn = {978-1-68392-506-4},
	language = {en},
	publisher = {Mercury Learning and Information},
	author = {Gupta, I. and Nagpal, G.},
	month = apr,
	year = {2020},
	note = {Google-Books-ID: 61PdDwAAQBAJ},
	keywords = {Computers / Artificial Intelligence / General, Computers / Machine Theory, Computers / Reference},
}



@book{giarratano_zhuan_2002,
	address = {Beijing},
	title = {Zhuan jia xi tong yuan li yu bian cheng: {Third} {Edition} = {Expert} {Systems} {Principles} and {Program} ming},
	isbn = {978-7-111-10844-3},
	shorttitle = {Zhuan jia xi tong yuan li yu bian cheng},
	language = {Chinese},
	publisher = {Ji xie gong ye chu ban she},
	author = {{Giarratano} and {Riley}},
	year = {2002},
	note = {OCLC: 952716560},
}



@book{liebowitz_handbook_2019,
	title = {The {Handbook} of {Applied} {Expert} {Systems}},
	isbn = {978-0-429-61249-7},
	language = {en},
	publisher = {CRC Press},
	author = {Liebowitz, Jay},
	month = jul,
	year = {2019},
	note = {Google-Books-ID: WzX3DwAAQBAJ},
	keywords = {Computers / Computer Engineering, Computers / Information Technology, Computers / Software Development \& Engineering / Systems Analysis \& Design},
}


@book{authors_rockin_2017,
	title = {{RoCKIn}: {Benchmarking} {Through} {Robot} {Competitions}},
	isbn = {978-953-51-3373-5},
	shorttitle = {{RoCKIn}},
	language = {en},
	publisher = {BoD – Books on Demand},
	author = {Authors, Multiple},
	month = aug,
	year = {2017},
	note = {Google-Books-ID: 2TCRDwAAQBAJ},
	keywords = {Technology \& Engineering / Automation, Technology \& Engineering / General},
}



@article{sun_research_2022,
	title = {Research {Challenges} and {Progress} in {Robotic} {Grasping} and {Manipulation} {Competitions}},
	volume = {7},
	issn = {2377-3766},
	url = {http://pbidi.unam.mx:8080/login?url=https://search.ebscohost.com/login.aspx?direct=true&db=edseee&AN=edseee.9619964&lang=es&site=eds-live},
	doi = {10.1109/LRA.2021.3129134},
	number = {2},
	urldate = {2022-01-18},
	journal = {IEEE Robotics and Automation Letters, Robotics and Automation Letters, IEEE, IEEE Robot. Autom. Lett.},
	author = {Sun, Y. and Falco, J. and A. Roa, M. and Calli, B.},
	month = apr,
	year = {2022},
	note = {Publisher: IEEE},
	keywords = {Benchmark testing, Components, Circuits, Devices and Systems, Computing and Processing, dexterous manipulation, Grasping, Ice, performance evaluation and benchmarking, Robot sensing systems, Robotics and Control Systems, Robots, Service robots, Task analysis},
	pages = {874--881},
	file = {Versión enviada:/home/anie/Zotero/storage/7QRWUIZT/Sun et al. - 2022 - Research Challenges and Progress in Robotic Graspi.pdf:application/pdf},
}


@article{ROVEDA2021103711,
title = {Human–robot collaboration in sensorless assembly task learning enhanced by uncertainties adaptation via Bayesian Optimization},
journal = {Robotics and Autonomous Systems},
volume = {136},
pages = {103711},
year = {2021},
issn = {0921-8890},
doi = {https://doi.org/10.1016/j.robot.2020.103711},
url = {https://www.sciencedirect.com/science/article/pii/S0921889020305510},
author = {Loris Roveda and Mauro Magni and Martina Cantoni and Dario Piga and Giuseppe Bucca}
}


@misc{Kasaei2020,
  author = "Kasaei, S. Hamidreza and Melsen, Jorik and van Beers, Floris and Steenkist, Christiaan and Voncina, Klemen",
  title = "The state of lifelong learning in Service Robots",
  year = "2020"
} 

@misc{Wisspeintner2018,
  author = "Wisspeintner, Thomas and Van Der Zan, Tijn and Iocchi, Luca and Schiffer, Stefan",
  title = "RoboCup@Home: Results in Benchmarking Domestic Service Robots",
  year = "2018"
} 

@Inbook{Rosenbaum2006,
author="Rosenbaum, David A.
and Cohen, Rajal G.
and Meulenbroek, Ruud G. J.
and Vaughan, Jonathan",
editor="Latash, Mark L.
and Lestienne, Francis",
title="Plans for Grasping Objects",
bookTitle="Motor Control and Learning",
year="2006",
publisher="Springer US",
address="Boston, MA",
pages="9--25",
isbn="978-0-387-28287-9",
doi="10.1007/0-387-28287-4_2",
url="https://doi.org/10.1007/0-387-28287-4_2"
}

@article{SAVAGE201977,
title = {Semantic reasoning in service robots using expert systems},
journal = {Robotics and Autonomous Systems},
volume = {114},
pages = {77-92},
year = {2019},
issn = {0921-8890},
doi = {https://doi.org/10.1016/j.robot.2019.01.007},
url = {https://www.sciencedirect.com/science/article/pii/S0921889018302501},
author = {Jesus Savage and David A. Rosenblueth and Mauricio Matamoros and Marco Negrete and Luis Contreras and Julio Cruz and Reynaldo Martell and Hugo Estrada and Hiroyuki Okada},
keywords = {Service robots, Semantic reasoning, Knowledge representation}
}

@article{hornung_octomap_2013,
	title = {{OctoMap}: an efficient probabilistic {3D} mapping framework based on octrees},
	volume = {34},
	issn = {0929-5593, 1573-7527},
	shorttitle = {{OctoMap}},
	url = {http://link.springer.com/10.1007/s10514-012-9321-0},
	doi = {10.1007/s10514-012-9321-0},
	language = {en},
	number = {3},
	urldate = {2022-06-09},
	journal = {Autonomous Robots},
	author = {Hornung, Armin and Wurm, Kai M. and Bennewitz, Maren and Stachniss, Cyrill and Burgard, Wolfram},
	month = apr,
	year = {2013},
	pages = {189--206},
}

@book{giarratano_expert_2006,
	address = {Boston, Mass},
	edition = {4. ed., [repr.]},
	title = {Expert systems: principles and programming},
	isbn = {978-0-534-38447-0},
	shorttitle = {Expert systems},
	language = {eng},
	publisher = {Thomson Course Technology},
	author = {Giarratano, Joseph C. and Riley, Gary},
	year = {2006},
}


@misc{robocup__mathworks_robocup_2022,
	title = {{RoboCup} {ARM} {Challenge}},
	url = {https://arm.robocup.org/home},
	language = {Inglés},
	journal = {RoboCup Autonomous Robot Manipulation Challenge},
	author = {{RoboCup \& Mathworks}},
	month = mar,
	year = {2022},
}



@book{basco_industria_2018,
	title = {Industria 4.0: {Fabricando} el {Futuro}},
	shorttitle = {Industria 4.0},
	abstract = {La economía global transita una nueva fase que se caracteriza por la digitalización y la conectividad. “INDUSTRIA 4.0. Fabricando el Futuro” explora los impactos de la denominada Cuarta Revolución Industrial sobre la producción manufacturera, el trabajo, las cadenas globales de valor y el comercio. La publicación reúne las voces de diversos especialistas que analizan los desafíos y oportunidades para la industria que conllevan tecnologías como Internet de las cosas, computación en nube, big data, inteligencia artificial e impresión 3D, entre otras. Asimismo, presenta los estudios de caso realizados sobre la experiencia de dos firmas argentinas que dan cuenta de los alcances de la trasformación digital: Tenaris, dedicada a la producción de tubos para la industria de petróleo y gas; y Sinteplast, dedicada a la fabricación de pinturas. “INDUSTRIA 4.0. Fabricando el Futuro” recorre estas experiencias, así como los aportes de la industria automotriz y de políticas públicas de fomento a la industria, como el caso alemán de “Industrie 4.0” y el “Mapa de ruta de la Industria 4.0” de México. De este modo, se propone ofrecer un marco para la comprensión de un fenómeno complejo cuyas consecuencias apenas se comienzan a vislumbrar.},
	language = {es},
	publisher = {Inter-American Development Bank},
	author = {Basco, Ana Inés and Beliz, Gustavo and Coatz, Diego and Garnero, Paula},
	month = jul,
	year = {2018},
	note = {Google-Books-ID: geiGDwAAQBAJ},
	keywords = {Business \& Economics / Industries / Manufacturing, Technology \& Engineering / Industrial Technology, Technology \& Engineering / Technical \& Manufacturing Industries \& Trades},
}


@misc{ifr_international_nodate,
	title = {International {Federation} of {Robotics}},
	url = {https://ifr.org/service-robots},
	abstract = {The International Federation of Robotics is a professional non-profit organization to promote, strengthen and protect the robotics industry worldwide.},
	language = {en},
	urldate = {2022-08-12},
	journal = {IFR International Federation of Robotics},
	author = {IFR},
	file = {Snapshot:/home/robocup/Zotero/storage/XB4D56B4/service-robots.html:text/html},
}

@article{technical_committee_20122022_robocup_2022,
	title = {{RoboCup} {Logistics} {League} {Rules} and {Regulations} 2022},
	url = {https://ll.robocup.org/the-rcll-competition/page-3-2/},
	abstract = {The rule book of the RCLL contains the rules and regulations teams participating in the competitions have to follow. They are updated every year to reflect the progress and development of the league.
Typically we aim to have a 2-year cycle of the rulebook, with larger changes introduced in one year and only smaller changes to stabilize and adjust in the following year.},
	language = {English},
	urldate = {2022-11-23},
	author = {{Technical Committee 2012–2022}},
	month = apr,
	year = {2022},
	pages = {48},
}


@article{kohout_multi-robot_2020,
	title = {A multi-robot architecture for the {RoboCup} {Logistics} {League}},
	volume = {137},
	issn = {1613-7620},
	url = {https://doi.org/10.1007/s00502-020-00826-5},
	doi = {10.1007/s00502-020-00826-5},
	abstract = {Due to increasing demands on flexibility in terms of product configuration as well as delivery time production settings increasingly use teams of mobile robot systems. The RoboCup Logistics League was designed to provide a testbed to develop and test such flexibe multi-robot approaches for production environments. It resembles a product setting with on-demand product orders of different configurations. In this article we introduce the concept of the leagues and we present the solution of the team GRIPS to face that challenge.},
	language = {en},
	number = {6},
	urldate = {2022-10-17},
	journal = {Elektrotech. Inftech.},
	author = {Kohout, Peter and De Bortoli, Marco and Ludwiger, Jakob and Ulz, Thomas and Steinbauer, Gerald},
	month = oct,
	year = {2020},
	keywords = {RoboCup, flexible production, flexible Produktion, logistics, Logistik, planning, Planung},
	pages = {291--296},
	file = {Full Text PDF:/home/robocup/Zotero/storage/LWQGQLXK/Kohout et al. - 2020 - A multi-robot architecture for the RoboCup Logisti.pdf:application/pdf},
}



@article{giarratano_clips_nodate,
	title = {{CLIPS} 6.4 {User}’s {Guide}},
	language = {en},
	author = {Giarratano, Joseph C},
	pages = {156},
	file = {Giarratano - CLIPS 6.4 User’s Guide.pdf:/home/robocup/Zotero/storage/C4XZJBSG/Giarratano - CLIPS 6.4 User’s Guide.pdf:application/pdf},
}

@misc{ifr_international,
	title = {International {Federation} of {Robotics}},
	url = {https://ifr.org/service-robots},
	abstract = {The International Federation of Robotics is a professional non-profit organization to promote, strengthen and protect the robotics industry worldwide.},
	language = {en},
	urldate = {2022-08-12},
	journal = {IFR International Federation of Robotics},
	author = {IFR},
	file = {Snapshot:/home/robocup/Zotero/storage/XB4D56B4/service-robots.html:text/html},
}

@book{cyganek_object_2013,
	title = {Object {Detection} and {Recognition} in {Digital} {Images}: {Theory} and {Practice}},
	isbn = {978-1-118-61836-3},
	shorttitle = {Object {Detection} and {Recognition} in {Digital} {Images}},
	abstract = {Object detection, tracking and recognition in images are key problems in computer vision. This book provides the reader with a balanced treatment between the theory and practice of selected methods in these areas to make the book accessible to a range of researchers, engineers, developers and postgraduate students working in computer vision and related fields. Key features:  Explains the main theoretical ideas behind each method (which are augmented with a rigorous mathematical derivation of the formulas), their implementation (in C++) and demonstrated working in real applications. Places an emphasis on tensor and statistical based approaches within object detection and recognition. Provides an overview of image clustering and classification methods which includes subspace and kernel based processing, mean shift and Kalman filter, neural networks, and k-means methods. Contains numerous case study examples of mainly automotive applications. Includes a companion website hosting full C++ implementation, of topics presented in the book as a software library, and an accompanying manual to the software platform.},
	language = {en},
	publisher = {John Wiley \& Sons},
	author = {Cyganek, Boguslaw},
	month = may,
	year = {2013},
	note = {Google-Books-ID: upsxI3bOZvAC},
	keywords = {Science / Physics / Crystallography, Technology \& Engineering / Electrical, Technology \& Engineering / Electronics / General},
}

@book{pratt_introduction_2014,
	address = {Boca Raton [Florida]},
	title = {Introduction to digital image processing},
	isbn = {978-1-4822-1670-7},
	abstract = {"This book contains English language narratives of important image processing operations, from which a student is expected to create executable versions of the operations using C language programming, calls to an image processing library furnished with the book, a furnished PIKSTool interactive package or the widely supported MATLAB interactive package. Executable versions of each narrative operation are furnished so that a student can visualize the result of each operation."-- Provided by publisher},
	language = {eng},
	publisher = {CRC Press, Taylor \& Francis Group},
	author = {Pratt, William K.},
	year = {2014},
	note = {OCLC: 907445364},
}

@book{navarro_pina_robot_2021,
	address = {Madrid},
	title = {Robot {Industrial}: manual de instalación},
	isbn = {978-84-13-66031-8},
	shorttitle = {Robot {Industrial}},
	abstract = {El robot industrial es una pieza fundamental de cualquier proceso industrial. En este libro se indica un procedimiento básico para llevar a cabo la ingeniería de la instalación de una célula robotizada, por lo que servirá de guía para cualquier persona involucrada en la instalación o que desee instalar un robot industrial en su empresa.Se acompañará al lector por cada una de las etapas que se deben seguir para desarrollar de forma efectiva una célula robotizada, desde la selección del robot, el diseño de la herramienta de trabajo y la selección de los componentes de seguridad de la célula hasta la programación. Adicionalmente, a lo largo de varios capítulos se ilustra un caso práctico real donde se demuestra cada una de las etapas mencionadas con el fi n de afianzar la teoría.El autor, Alejhandro V. Navarro Piña, es ingeniero mecánico con posgrado en Mecatrónica, profesor de posgrado en la Universidad Arturo Michelena de Venezuela y CEO en la empresa AN-Mecatrónica, especializada en el desarrollo de proyectos industriales en el sector de la ergonomía y manufactura automatizada},
	language = {spa},
	publisher = {Paraninfo},
	author = {Navarro Piña, Alejhandro V.},
	year = {2021},
	note = {OCLC: 1236395081},
}

@book{szeliski_computer_2022,
	address = {Cham},
	edition = {Second edition},
	series = {Texts in {Computer} {Science}},
	title = {Computer {Vision}: {Algorithms} and {Applications}},
	isbn = {978-3-030-34374-3},
	shorttitle = {Computer {Vision}},
	language = {eng},
	publisher = {Springer Nature Switzerland AG},
	author = {Szeliski, Richard},
	year = {2022},
}

@book{burger_digital_2022,
	address = {Cham, Switzerland},
	edition = {Third edition},
	series = {Texts in computer science},
	title = {Digital image processing: an algorithmic introduction},
	isbn = {9783031057441},
	shorttitle = {Digital image processing},
	language = {eng},
	publisher = {Springer},
	author = {Burger, Wilhelm and Burge, Mark James},
	year = {2022},
	file = {Table of Contents PDF:/home/robocup/Zotero/storage/PMKN6Y87/Burger and Burge - 2022 - Digital image processing an algorithmic introduct.pdf:application/pdf},
}

@book{freire_importancia_2007,
	title = {La {Importancia} del {Conocimiento}. {Filosofía} y {Ciencias} {Cognitivas}},
	isbn = {978-84-9745-172-7},
	language = {es},
	publisher = {Netbiblo},
	author = {Freire, Pascual Martínez},
	month = sep,
	year = {2007},
}

@book{kam_synthesis_2013,
	title = {Synthesis of {Finite} {State} {Machines}: {Functional} {Optimization}},
	isbn = {978-1-4757-2622-0},
	shorttitle = {Synthesis of {Finite} {State} {Machines}},
	language = {en},
	publisher = {Springer Science \& Business Media},
	author = {Kam, Timothy and Villa, Tiziano and Brayton, Robert K. and Sangiovanni-Vincentelli, Alberto L.},
	month = mar,
	year = {2013},
	note = {Google-Books-ID: G1DuBwAAQBAJ},
	keywords = {Computers / Design, Graphics \& Media / CAD-CAM, Technology \& Engineering / Electrical, Technology \& Engineering / Electronics / Circuits / General},
}

@incollection{czerwinski_definitions_2013,
	address = {Berlin, Heidelberg},
	title = {Definitions and {Basic} {Properties}},
	volume = {231},
	isbn = {978-3-642-36165-4},
	url = {https://link.springer.com/10.1007/978-3-642-36166-1_2},
	language = {en},
	urldate = {2023-08-31},
	booktitle = {Finite {State} {Machine} {Logic} {Synthesis} for {Complex} {Programmable} {Logic} {Devices}},
	publisher = {Springer Berlin Heidelberg},
	author = {Czerwinski, Robert and Kania, Dariusz},
	collaborator = {Czerwinski, Robert and Kania, Dariusz},
	year = {2013},
	doi = {10.1007/978-3-642-36166-1_2},
	note = {Series Title: Lecture Notes in Electrical Engineering},
	pages = {9--23},
	file = {Czerwinski and Kania - 2013 - Definitions and Basic Properties.pdf:/home/robocup/Zotero/storage/7C6D6D7B/Czerwinski and Kania - 2013 - Definitions and Basic Properties.pdf:application/pdf},
}

@book{sonka_image_2008,
	address = {Toronto},
	edition = {3. ed},
	title = {Image processing, analysis, and machine vision},
	isbn = {978-0-495-24438-7},
	language = {eng},
	publisher = {Thompson Learning},
	author = {Sonka, Milan and Hlaváč, Václav and Boyle, Roger},
	year = {2008},
}

@book{gonzalez_digital_2002,
	address = {Upper Saddle River, N.J},
	edition = {2nd ed},
	title = {Digital image processing},
	isbn = {978-0-201-18075-6},
	publisher = {Prentice Hall},
	author = {Gonzalez, Rafael C. and Woods, Richard E.},
	year = {2002},
	keywords = {Digital techniques, Image processing},
}

@book{ceccarelli_fundamentals_2022,
	address = {Cham},
	edition = {Second edition},
	series = {Mechanisms and machine science},
	title = {Fundamentals of mechanics of robotic manipulation},
	isbn = {978-3-030-90846-1},
	language = {eng},
	number = {112},
	publisher = {Springer},
	author = {Ceccarelli, Marco},
	year = {2022},
	file = {Table of Contents PDF:/home/robocup/Zotero/storage/KVM9BL4V/Ceccarelli - 2022 - Fundamentals of mechanics of robotic manipulation.pdf:application/pdf},
}

@book{babel_industry_2022,
	address = {Wiesbaden [Heidelberg]},
	title = {Industry 4.0, {China} 2025, {IoT}: the hype around the world of automation},
	isbn = {978-3-658-37851-6},
	shorttitle = {Industry 4.0, {China} 2025, {IoT}},
	language = {eng},
	publisher = {Springer},
	author = {Babel, Wolfgang},
	year = {2022},
	file = {Table of Contents PDF:/home/anie/Zotero/storage/T7PFLDUG/Babel - 2022 - Industry 4.0, China 2025, IoT the hype around the.pdf:application/pdf},
}

@misc{Interbotix_widowx_PincherArm,
	title = {{WidowX} {MKII} {Robotic} {Arm} - {Download} {Free} {3D} model by {Interbotix} - {Sketchfab}},
	url = {https://sketchfab.com/models/2270059391764e93aa01ad5d6a3000c1/embed?autospin=0.2&autostart=1},
	abstract = {http://www.trossenrobotics.com/WidowxRobotArmMK2},
	language = {en},
	urldate = {2023-10-09},
}

@misc{Interbotix_interbotix,
	title = {Interbotix {X}-{Series} {Arms} — {Interbotix} {X}-{Series} {Arms} {Documentation}},
	url = {https://docs.trossenrobotics.com/interbotix_xsarms_docs/},
	urldate = {2023-10-09},
}

@book{pterneas_mastering_2022,
	address = {Berkeley, CA},
	title = {Mastering the {Microsoft} {Kinect}: {Body} {Tracking}, {Object} {Detection}, and the {Azure} {Cloud} {Services}},
	isbn = {978-1-4842-8069-0},
	shorttitle = {Mastering the {Microsoft} {Kinect}},
	url = {https://link.springer.com/10.1007/978-1-4842-8070-6},
	language = {en},
	urldate = {2023-10-09},
	publisher = {Apress},
	author = {Pterneas, Vangos},
	year = {2022},
	doi = {10.1007/978-1-4842-8070-6},
}

@book{davison_kinect_2012,
	address = {New York},
	title = {Kinect open source programming secrets: hacking the {Kinect} with {OpenNI}, {NITE}, and {Java}},
	isbn = {978-0-07-178317-0},
	shorttitle = {Kinect open source programming secrets},
	publisher = {McGraw-Hill},
	author = {Davison, Andrew},
	year = {2012},
	keywords = {Computer input-output equipment, Equipment and supplies, Programming, Video games, Xbox 360 (Video game console)},
}


@phdthesis{vazquez_silva_desarrollo_2018,
	address = {Ciudad Universitaria, CDMX, México},
	title = {Desarrollo de un sistema de detección y manipulación de objetos para un robot de servicio},
	language = {Español},
	urldate = {2023-11-10},
	school = {Universidad Nacional Autónoma de México},
	author = {Vázquez Silva, Edgar de Jesús and Negrete, Marco},
	year = {2018},
}

@article{quigley_ROS,
	title = {{ROS}: an open-source {Robot} {Operating} {System}},
	volume = {3},
	language = {en},
	urldate = {2023-10-13},
	journal = {ICRA Workshop on Open Source Software},
	author = {{Quigley, Morgan} and {Gerkey, Brian} and {Conley, Ken} and {Faust, Josh} and {Foote, Tully} and {Leibs, Jeremy} and {Wheeler, Rob} and {Ng, Andrew}},
	month = jan,
	year = {2009},
}

@misc{ros_wiki_std_msgs,
	title = {std\_msgs - {ROS} {Wiki}},
	url = {http://wiki.ros.org/std_msgs},
	urldate = {2023-10-13},
	file = {std_msgs - ROS Wiki:/home/robocup/Zotero/storage/WAFJD62U/std_msgs.html:text/html},
}


@book{treiber_introduction_2010,
	address = {London},
	series = {Advances in {Pattern} {Recognition}},
	title = {An {Introduction} to {Object} {Recognition}},
	isbn = {978-1-84996-234-6},
	url = {http://link.springer.com/10.1007/978-1-84996-235-3},
	urldate = {2023-10-18},
	publisher = {Springer},
	author = {Treiber, Marco Alexander},
	year = {2010},
	doi = {10.1007/978-1-84996-235-3},
	keywords = {3D, algorithms, Appearance-based Recognition, cognition, Computer Vision, electronics, image processing, Image Retrieval, Object Alignment, Object Pose, Object Recognition, Optical Inspection, Position Measurement, Scene Categorization},
	file = {Full Text PDF:/home/robocup/Zotero/storage/TWF9T8VM/Treiber - 2010 - An Introduction to Object Recognition.pdf:application/pdf},
}


@book{asada_robot_1986,
	address = {New York, N.Y},
	title = {Robot analysis and control},
	isbn = {978-0-471-83029-0},
	publisher = {J. Wiley},
	author = {Asada, H. and Slotine, J.-J. E.},
	year = {1986},
	keywords = {Robotics},
}

@book{gross_statics_2013,
	address = {Berlin},
	edition = {Second edition},
	series = {Engineering mechanics},
	title = {Statics},
	isbn = {978-3-642-30318-0},
	language = {eng},
	number = {1},
	publisher = {Springer},
	author = {Gross, D.},
	year = {2013},
	keywords = {Statics, Textbooks},
}

@book{olguin_diaz_3d_2019,
	address = {Cham},
	series = {Studies in systems, decision and control},
	title = {{3D} motion of rigid bodies: a foundation for robot dynamics analysis},
	isbn = {978-3-030-04275-2},
	shorttitle = {{3D} motion of rigid bodies},
	language = {eng},
	number = {191},
	publisher = {Springer},
	author = {Olguín Díaz, Ernesto},
	year = {2019},
}

@book{siciliano_springer_2016,
	address = {Berlin Heidelberg},
	edition = {2nd edition},
	series = {Springer handbooks},
	title = {Springer handbook of robotics},
	isbn = {978-3-319-32550-7},
	language = {en},
	publisher = {Springer},
	editor = {Siciliano, Bruno and Khatib, Oussama},
	year = {2016},
}

@article{hamilton_ii_1844,
	title = {{II}. \textit{{On} quaternions; or on a new system of imaginaries in algebra}},
	volume = {25},
	issn = {1941-5966, 1941-5974},
	URL = {https://doi.org/10.1080/14786444408644923},
	eprint = {https://doi.org/10.1080/14786444408644923}, 
    doi = {10.1080/14786444408644923},
	language = {en},
	number = {163},
	urldate = {2023-11-17},
	journal = {The London, Edinburgh, and Dublin Philosophical Magazine and Journal of Science},
	author = {Hamilton, William Rowan},
	month = jul,
	year = {1844},
	pages = {10--13},
	publisher = {Taylor & Francis}
}

@book{lynch_modern_2017,
	address = {Cambridge, UK},
	title = {Modern robotics: mechanics, planning, and control},
	isbn = {978-1-107-15630-2},
	shorttitle = {Modern robotics},
	publisher = {Cambridge University Press},
	author = {Lynch, Kevin M. and Park, Frank C.},
	year = {2017},
	note = {OCLC: ocn983881868},
	keywords = {Control systems, Robots, Robotics, Design and construction, Dynamics, Manipulators (Mechanism)},
}

@misc{tf_ROS,
	title = {tf - {ROS} {Wiki}},
	url = {http://wiki.ros.org/tf},
	urldate = {2023-11-21},
}


@misc{ROS_concepts_MoveIt,
	title = {Concepts {\textbar} {MoveIt}},
	url = {https://moveit.ros.org/documentation/concepts/},
	urldate = {2023-11-22},
	file = {Concepts | MoveIt:/home/robocup/Zotero/storage/NWQJ8JT2/concepts.html:text/html},
}

@misc{FESTO-RobotinoView,
	title = {Festo {Didactic} {InfoPortal}},
	url = {https://ip.festo-didactic.com/InfoPortal/Robotino/Software/Programming/EN/RobotinoView.html},
	urldate = {2024-01-24},
	file = {Festo Didactic InfoPortal:/home/robocup20/snap/zotero-snap/common/Zotero/storage/ECTMI8VD/RobotinoView.html:text/html},
}

@article{arevalo_librerivision_nodate,
	title = {{LA} {LIBRERÍA} {DE} {VISIÓN} {ARTIFICIAL} {OPENCV} {APLICACIÓN} {A} {LA} {DOCENCIA} {E} {INVESTIGACIÓN}},
	language = {es},
	author = {Arévalo, V M and González, J and Ambrosio, G},
	file = {Arévalo et al. - LA LIBRERÍA DE VISIÓN ARTIFICIAL OPENCV APLICACIÓN.pdf:/home/robocup20/snap/zotero-snap/common/Zotero/storage/93YTA8FQ/Arévalo et al. - LA LIBRERÍA DE VISIÓN ARTIFICIAL OPENCV APLICACIÓN.pdf:application/pdf},
}

@misc{OpvenCV-website,
	title = {About - {OpenCV}},
	url = {https://opencv.org/about/},
	urldate = {2024-01-24},
	file = {About - OpenCV:/home/robocup20/snap/zotero-snap/common/Zotero/storage/BZCW4H23/about.html:text/html},
}

@misc{festo-didactic-robotino-2013,
	title = {Robotino® - {Plataforma} de robot móvil para investigación y formación},
	shorttitle = {Robotino {Manual}},
	url = {https://www.lagos.udg.mx/sites/default/files/adjuntos/robotino.pdf},
	language = {Spanish},
	urldate = {2023-11-30},
	publisher = {FESTO Didactic},
	author = {FESTO Didactic},
	year = {2013},
}